@book{galilei_two_new_sciences,
  author    = {Galileo Galilei},
  title     = {Dialogues Concerning Two New Sciences},
  translator= {Henry Crew and Alfonso de Salvio},
  year      = {1914},
  publisher = {Macmillan},
  address   = {New York},
  note      = {Originally published in 1638},
}
